%YAML 1.1
%TAG !u! tag:unity3d.com,2011:
--- !u!1001 &100100000
Prefab:
  m_ObjectHideFlags: 1
  serializedVersion: 2
  m_Modification:
    m_TransformParent: {fileID: 0}
    m_Modifications: []
    m_RemovedComponents: []
  m_ParentPrefab: {fileID: 0}
  m_RootGameObject: {fileID: 1367523860360114}
  m_IsPrefabParent: 1
--- !u!1 &1068300241147104
GameObject:
  m_ObjectHideFlags: 0
  m_PrefabParentObject: {fileID: 0}
  m_PrefabInternal: {fileID: 100100000}
  serializedVersion: 5
  m_Component:
  - component: {fileID: 4980454902861516}
  - component: {fileID: 114514663407577182}
  m_Layer: 0
  m_Name: EnvironmentInitialization
  m_TagString: Untagged
  m_Icon: {fileID: 0}
  m_NavMeshLayer: 0
  m_StaticEditorFlags: 0
  m_IsActive: 1
--- !u!1 &1155886034520286
GameObject:
  m_ObjectHideFlags: 1
  m_PrefabParentObject: {fileID: 0}
  m_PrefabInternal: {fileID: 100100000}
  serializedVersion: 5
  m_Component:
  - component: {fileID: 4602967346906440}
  - component: {fileID: 81897111097112506}
  m_Layer: 0
  m_Name: AudioListener
  m_TagString: Untagged
  m_Icon: {fileID: 0}
  m_NavMeshLayer: 0
  m_StaticEditorFlags: 0
  m_IsActive: 1
--- !u!1 &1367523860360114
GameObject:
  m_ObjectHideFlags: 0
  m_PrefabParentObject: {fileID: 0}
  m_PrefabInternal: {fileID: 100100000}
  serializedVersion: 5
  m_Component:
  - component: {fileID: 4272548286621164}
  - component: {fileID: 114581729692194600}
  - component: {fileID: 114825041513140886}
  - component: {fileID: 114288652393645702}
  - component: {fileID: 114610854965633262}
  - component: {fileID: 114251610412843108}
  m_Layer: 0
  m_Name: MetaCameraRig
  m_TagString: Untagged
  m_Icon: {fileID: 0}
  m_NavMeshLayer: 0
  m_StaticEditorFlags: 0
  m_IsActive: 1
--- !u!1 &1476362415066974
GameObject:
  m_ObjectHideFlags: 0
  m_PrefabParentObject: {fileID: 0}
  m_PrefabInternal: {fileID: 100100000}
  serializedVersion: 5
  m_Component:
  - component: {fileID: 4830966120413292}
  m_Layer: 0
  m_Name: MetaCameras
  m_TagString: Untagged
  m_Icon: {fileID: 0}
  m_NavMeshLayer: 0
  m_StaticEditorFlags: 0
  m_IsActive: 1
--- !u!1 &1656800814946500
GameObject:
  m_ObjectHideFlags: 0
  m_PrefabParentObject: {fileID: 0}
  m_PrefabInternal: {fileID: 100100000}
  serializedVersion: 5
  m_Component:
  - component: {fileID: 4895585698621834}
  m_Layer: 0
  m_Name: InteractionEngineSettings
  m_TagString: Untagged
  m_Icon: {fileID: 0}
  m_NavMeshLayer: 0
  m_StaticEditorFlags: 0
  m_IsActive: 1
--- !u!1 &1703411099052802
GameObject:
  m_ObjectHideFlags: 1
  m_PrefabParentObject: {fileID: 0}
  m_PrefabInternal: {fileID: 100100000}
  serializedVersion: 5
  m_Component:
  - component: {fileID: 4099648197731980}
  - component: {fileID: 114224485018853516}
  - component: {fileID: 20127754932265894}
  - component: {fileID: 114508936191697678}
  - component: {fileID: 114888540322973134}
  m_Layer: 0
  m_Name: EventCamera
  m_TagString: Untagged
  m_Icon: {fileID: 0}
  m_NavMeshLayer: 0
  m_StaticEditorFlags: 0
  m_IsActive: 1
--- !u!1 &1742016236320154
GameObject:
  m_ObjectHideFlags: 1
  m_PrefabParentObject: {fileID: 0}
  m_PrefabInternal: {fileID: 100100000}
  serializedVersion: 5
  m_Component:
  - component: {fileID: 4436497610438182}
  - component: {fileID: 114079035239386834}
  - component: {fileID: 20507578581923982}
  m_Layer: 0
  m_Name: LeftCamera
  m_TagString: MainCamera
  m_Icon: {fileID: 0}
  m_NavMeshLayer: 0
  m_StaticEditorFlags: 0
  m_IsActive: 1
--- !u!1 &1817479026413760
GameObject:
  m_ObjectHideFlags: 1
  m_PrefabParentObject: {fileID: 0}
  m_PrefabInternal: {fileID: 100100000}
  serializedVersion: 5
  m_Component:
  - component: {fileID: 4116559341803548}
  - component: {fileID: 20967425011571058}
  m_Layer: 0
  m_Name: ContentCamera
  m_TagString: Untagged
  m_Icon: {fileID: 0}
  m_NavMeshLayer: 0
  m_StaticEditorFlags: 0
  m_IsActive: 1
--- !u!1 &1824787978422776
GameObject:
  m_ObjectHideFlags: 1
  m_PrefabParentObject: {fileID: 0}
  m_PrefabInternal: {fileID: 100100000}
  serializedVersion: 5
  m_Component:
  - component: {fileID: 4275771358036814}
  - component: {fileID: 114227429592441134}
  m_Layer: 0
  m_Name: VirtualWebcam
  m_TagString: Untagged
  m_Icon: {fileID: 0}
  m_NavMeshLayer: 0
  m_StaticEditorFlags: 0
  m_IsActive: 1
--- !u!1 &1861912359231824
GameObject:
  m_ObjectHideFlags: 1
  m_PrefabParentObject: {fileID: 0}
  m_PrefabInternal: {fileID: 100100000}
  serializedVersion: 5
  m_Component:
  - component: {fileID: 4342646079921342}
  - component: {fileID: 114006138410932460}
  - component: {fileID: 20516130658675930}
  m_Layer: 0
  m_Name: RightCamera
  m_TagString: Untagged
  m_Icon: {fileID: 0}
  m_NavMeshLayer: 0
  m_StaticEditorFlags: 0
  m_IsActive: 1
--- !u!1 &1920769969200950
GameObject:
  m_ObjectHideFlags: 1
  m_PrefabParentObject: {fileID: 0}
  m_PrefabInternal: {fileID: 100100000}
  serializedVersion: 5
  m_Component:
  - component: {fileID: 4100949417895202}
  - component: {fileID: 114498233505014252}
  m_Layer: 0
  m_Name: StereoCameras
  m_TagString: Untagged
  m_Icon: {fileID: 0}
  m_NavMeshLayer: 0
  m_StaticEditorFlags: 0
  m_IsActive: 1
--- !u!4 &4099648197731980
Transform:
  m_ObjectHideFlags: 1
  m_PrefabParentObject: {fileID: 0}
  m_PrefabInternal: {fileID: 100100000}
  m_GameObject: {fileID: 1703411099052802}
  m_LocalRotation: {x: 0.1305262, y: -0, z: -2.9773448e-18, w: 0.9914449}
  m_LocalPosition: {x: 0, y: 0.001, z: -0.005}
  m_LocalScale: {x: 1, y: 1, z: 1}
  m_Children: []
  m_Father: {fileID: 4100949417895202}
  m_RootOrder: 0
  m_LocalEulerAnglesHint: {x: 0, y: 0, z: 0}
--- !u!4 &4100949417895202
Transform:
  m_ObjectHideFlags: 1
  m_PrefabParentObject: {fileID: 0}
  m_PrefabInternal: {fileID: 100100000}
  m_GameObject: {fileID: 1920769969200950}
  m_LocalRotation: {x: -0.000000013067618, y: 3.201421e-10, z: -1.0913935e-10, w: 1}
  m_LocalPosition: {x: 0, y: 0, z: 0}
  m_LocalScale: {x: 1, y: 1, z: 1}
  m_Children:
  - {fileID: 4099648197731980}
  - {fileID: 4436497610438182}
  - {fileID: 4342646079921342}
  m_Father: {fileID: 4830966120413292}
  m_RootOrder: 0
  m_LocalEulerAnglesHint: {x: 0, y: 0, z: 0}
--- !u!4 &4116559341803548
Transform:
  m_ObjectHideFlags: 1
  m_PrefabParentObject: {fileID: 0}
  m_PrefabInternal: {fileID: 100100000}
  m_GameObject: {fileID: 1817479026413760}
  m_LocalRotation: {x: -0, y: -0, z: -0, w: 1}
  m_LocalPosition: {x: 0, y: 0, z: 0}
  m_LocalScale: {x: 1, y: 1, z: 1}
  m_Children: []
  m_Father: {fileID: 4275771358036814}
  m_RootOrder: 0
  m_LocalEulerAnglesHint: {x: 0, y: 0, z: 0}
--- !u!4 &4272548286621164
Transform:
  m_ObjectHideFlags: 1
  m_PrefabParentObject: {fileID: 0}
  m_PrefabInternal: {fileID: 100100000}
  m_GameObject: {fileID: 1367523860360114}
  m_LocalRotation: {x: 0, y: 0, z: 0, w: 1}
  m_LocalPosition: {x: 0, y: 0, z: 0}
  m_LocalScale: {x: 1, y: 1, z: 1}
  m_Children:
  - {fileID: 4830966120413292}
  - {fileID: 4895585698621834}
  - {fileID: 4980454902861516}
  m_Father: {fileID: 0}
  m_RootOrder: 0
  m_LocalEulerAnglesHint: {x: 0, y: 0, z: 0}
--- !u!4 &4275771358036814
Transform:
  m_ObjectHideFlags: 1
  m_PrefabParentObject: {fileID: 0}
  m_PrefabInternal: {fileID: 100100000}
  m_GameObject: {fileID: 1824787978422776}
  m_LocalRotation: {x: -0, y: -0, z: -0, w: 1}
  m_LocalPosition: {x: 0, y: 0, z: 0}
  m_LocalScale: {x: 1, y: 1, z: 1}
  m_Children:
  - {fileID: 4116559341803548}
  m_Father: {fileID: 4830966120413292}
  m_RootOrder: 1
  m_LocalEulerAnglesHint: {x: 0, y: 0, z: 0}
--- !u!4 &4342646079921342
Transform:
  m_ObjectHideFlags: 1
  m_PrefabParentObject: {fileID: 0}
  m_PrefabInternal: {fileID: 100100000}
  m_GameObject: {fileID: 1861912359231824}
  m_LocalRotation: {x: 0.1305262, y: 0, z: 0, w: 0.9914449}
  m_LocalPosition: {x: 0.0315, y: 0.001, z: -0.005}
  m_LocalScale: {x: 1, y: 1, z: 1}
  m_Children: []
  m_Father: {fileID: 4100949417895202}
  m_RootOrder: 2
  m_LocalEulerAnglesHint: {x: 0, y: 0, z: 0}
--- !u!4 &4436497610438182
Transform:
  m_ObjectHideFlags: 1
  m_PrefabParentObject: {fileID: 0}
  m_PrefabInternal: {fileID: 100100000}
  m_GameObject: {fileID: 1742016236320154}
  m_LocalRotation: {x: 0.1305262, y: 0, z: 0, w: 0.9914449}
  m_LocalPosition: {x: -0.0315, y: 0.001, z: -0.005}
  m_LocalScale: {x: 1, y: 1, z: 1}
  m_Children: []
  m_Father: {fileID: 4100949417895202}
  m_RootOrder: 1
  m_LocalEulerAnglesHint: {x: -61.961002, y: 0, z: 0}
--- !u!4 &4602967346906440
Transform:
  m_ObjectHideFlags: 1
  m_PrefabParentObject: {fileID: 0}
  m_PrefabInternal: {fileID: 100100000}
  m_GameObject: {fileID: 1155886034520286}
  m_LocalRotation: {x: -0.000000013067618, y: 3.201421e-10, z: -1.0913935e-10, w: 1}
  m_LocalPosition: {x: 0.0031999985, y: -0.0117, z: -0.10229999}
  m_LocalScale: {x: 1, y: 1, z: 1}
  m_Children: []
  m_Father: {fileID: 4830966120413292}
  m_RootOrder: 2
  m_LocalEulerAnglesHint: {x: 0, y: 0, z: 0}
--- !u!4 &4830966120413292
Transform:
  m_ObjectHideFlags: 1
  m_PrefabParentObject: {fileID: 0}
  m_PrefabInternal: {fileID: 100100000}
  m_GameObject: {fileID: 1476362415066974}
  m_LocalRotation: {x: -0, y: -0, z: -0, w: 1}
  m_LocalPosition: {x: 0, y: 0, z: 0}
  m_LocalScale: {x: 1, y: 1, z: 1}
  m_Children:
  - {fileID: 4100949417895202}
  - {fileID: 4275771358036814}
  - {fileID: 4602967346906440}
  m_Father: {fileID: 4272548286621164}
  m_RootOrder: 0
  m_LocalEulerAnglesHint: {x: 0, y: 0, z: 0}
--- !u!4 &4895585698621834
Transform:
  m_ObjectHideFlags: 1
  m_PrefabParentObject: {fileID: 0}
  m_PrefabInternal: {fileID: 100100000}
  m_GameObject: {fileID: 1656800814946500}
  m_LocalRotation: {x: -0, y: -0, z: -0, w: 1}
  m_LocalPosition: {x: 0, y: 0, z: 0}
  m_LocalScale: {x: -1, y: -1, z: 1}
  m_Children: []
  m_Father: {fileID: 4272548286621164}
  m_RootOrder: 1
  m_LocalEulerAnglesHint: {x: 0, y: 0, z: 0}
--- !u!4 &4980454902861516
Transform:
  m_ObjectHideFlags: 1
  m_PrefabParentObject: {fileID: 0}
  m_PrefabInternal: {fileID: 100100000}
  m_GameObject: {fileID: 1068300241147104}
  m_LocalRotation: {x: -0, y: -0, z: -0, w: 1}
  m_LocalPosition: {x: 0, y: 0, z: 0}
  m_LocalScale: {x: 1, y: 1, z: 1}
  m_Children: []
  m_Father: {fileID: 4272548286621164}
  m_RootOrder: 2
  m_LocalEulerAnglesHint: {x: 0, y: 0, z: 0}
--- !u!20 &20127754932265894
Camera:
  m_ObjectHideFlags: 1
  m_PrefabParentObject: {fileID: 0}
  m_PrefabInternal: {fileID: 100100000}
  m_GameObject: {fileID: 1703411099052802}
  m_Enabled: 0
  serializedVersion: 2
  m_ClearFlags: 4
  m_BackGroundColor: {r: 0, g: 0, b: 0, a: 0}
  m_NormalizedViewPortRect:
    serializedVersion: 2
    x: 0
    y: 0
    width: 1
    height: 1
  near clip plane: 0.15
  far clip plane: 10
  field of view: 50
  orthographic: 0
  orthographic size: 640
  m_Depth: 1
  m_CullingMask:
    serializedVersion: 2
    m_Bits: 4294967095
  m_RenderingPath: -1
  m_TargetTexture: {fileID: 0}
  m_TargetDisplay: 1
  m_TargetEye: 3
  m_HDR: 0
  m_AllowMSAA: 1
  m_AllowDynamicResolution: 0
  m_ForceIntoRT: 0
  m_OcclusionCulling: 1
  m_StereoConvergence: 10
  m_StereoSeparation: 0.022
--- !u!20 &20507578581923982
Camera:
  m_ObjectHideFlags: 1
  m_PrefabParentObject: {fileID: 0}
  m_PrefabInternal: {fileID: 100100000}
  m_GameObject: {fileID: 1742016236320154}
  m_Enabled: 1
  serializedVersion: 2
  m_ClearFlags: 2
  m_BackGroundColor: {r: 0, g: 0, b: 0, a: 0}
  m_NormalizedViewPortRect:
    serializedVersion: 2
    x: 0
    y: 0
    width: 1
    height: 1
  near clip plane: 0.015
  far clip plane: 10
  field of view: 64
  orthographic: 0
  orthographic size: 640
  m_Depth: -1
  m_CullingMask:
    serializedVersion: 2
    m_Bits: 4294967295
  m_RenderingPath: -1
  m_TargetTexture: {fileID: 0}
  m_TargetDisplay: 0
  m_TargetEye: 3
  m_HDR: 0
  m_AllowMSAA: 1
  m_AllowDynamicResolution: 0
  m_ForceIntoRT: 0
  m_OcclusionCulling: 0
  m_StereoConvergence: 10
  m_StereoSeparation: 0.022
--- !u!20 &20516130658675930
Camera:
  m_ObjectHideFlags: 1
  m_PrefabParentObject: {fileID: 0}
  m_PrefabInternal: {fileID: 100100000}
  m_GameObject: {fileID: 1861912359231824}
  m_Enabled: 1
  serializedVersion: 2
  m_ClearFlags: 2
  m_BackGroundColor: {r: 0, g: 0, b: 0, a: 0}
  m_NormalizedViewPortRect:
    serializedVersion: 2
    x: 0
    y: 0
    width: 1
    height: 1
  near clip plane: 0.015
  far clip plane: 10
  field of view: 64
  orthographic: 0
  orthographic size: 640
  m_Depth: -1
  m_CullingMask:
    serializedVersion: 2
    m_Bits: 4294967295
  m_RenderingPath: -1
  m_TargetTexture: {fileID: 0}
  m_TargetDisplay: 0
  m_TargetEye: 3
  m_HDR: 0
  m_AllowMSAA: 1
  m_AllowDynamicResolution: 0
  m_ForceIntoRT: 0
  m_OcclusionCulling: 0
  m_StereoConvergence: 10
  m_StereoSeparation: 0.022
--- !u!20 &20967425011571058
Camera:
  m_ObjectHideFlags: 1
  m_PrefabParentObject: {fileID: 0}
  m_PrefabInternal: {fileID: 100100000}
  m_GameObject: {fileID: 1817479026413760}
  m_Enabled: 1
  serializedVersion: 2
  m_ClearFlags: 2
  m_BackGroundColor: {r: 0, g: 0, b: 0, a: 0}
  m_NormalizedViewPortRect:
    serializedVersion: 2
    x: 0
    y: 0
    width: 1
    height: 1
  near clip plane: 0.015
  far clip plane: 1000
  field of view: 60
  orthographic: 0
  orthographic size: 5
  m_Depth: -19
  m_CullingMask:
    serializedVersion: 2
    m_Bits: 4294967295
  m_RenderingPath: -1
  m_TargetTexture: {fileID: 0}
  m_TargetDisplay: 0
  m_TargetEye: 3
  m_HDR: 0
  m_AllowMSAA: 0
  m_AllowDynamicResolution: 0
  m_ForceIntoRT: 0
  m_OcclusionCulling: 1
  m_StereoConvergence: 10
  m_StereoSeparation: 0.022
--- !u!81 &81897111097112506
AudioListener:
  m_ObjectHideFlags: 1
  m_PrefabParentObject: {fileID: 0}
  m_PrefabInternal: {fileID: 100100000}
  m_GameObject: {fileID: 1155886034520286}
  m_Enabled: 1
--- !u!114 &114006138410932460
MonoBehaviour:
  m_ObjectHideFlags: 1
  m_PrefabParentObject: {fileID: 0}
  m_PrefabInternal: {fileID: 100100000}
  m_GameObject: {fileID: 1861912359231824}
  m_Enabled: 1
  m_EditorHideFlags: 0
  m_Script: {fileID: 11500000, guid: acb5ae22df9679a45b897b27bc4c5ac4, type: 3}
  m_Name: 
  m_EditorClassIdentifier: 
--- !u!114 &114079035239386834
MonoBehaviour:
  m_ObjectHideFlags: 1
  m_PrefabParentObject: {fileID: 0}
  m_PrefabInternal: {fileID: 100100000}
  m_GameObject: {fileID: 1742016236320154}
  m_Enabled: 1
  m_EditorHideFlags: 0
  m_Script: {fileID: 11500000, guid: acb5ae22df9679a45b897b27bc4c5ac4, type: 3}
  m_Name: 
  m_EditorClassIdentifier: 
--- !u!114 &114224485018853516
MonoBehaviour:
  m_ObjectHideFlags: 1
  m_PrefabParentObject: {fileID: 0}
  m_PrefabInternal: {fileID: 100100000}
  m_GameObject: {fileID: 1703411099052802}
  m_Enabled: 1
  m_EditorHideFlags: 0
  m_Script: {fileID: 11500000, guid: acb5ae22df9679a45b897b27bc4c5ac4, type: 3}
  m_Name: 
  m_EditorClassIdentifier: 
--- !u!114 &114227429592441134
MonoBehaviour:
  m_ObjectHideFlags: 1
  m_PrefabParentObject: {fileID: 0}
  m_PrefabInternal: {fileID: 100100000}
  m_GameObject: {fileID: 1824787978422776}
  m_Enabled: 1
  m_EditorHideFlags: 0
  m_Script: {fileID: 11500000, guid: acb5ae22df9679a45b897b27bc4c5ac4, type: 3}
  m_Name: 
  m_EditorClassIdentifier: 
--- !u!114 &114251610412843108
MonoBehaviour:
  m_ObjectHideFlags: 1
  m_PrefabParentObject: {fileID: 0}
  m_PrefabInternal: {fileID: 100100000}
  m_GameObject: {fileID: 1367523860360114}
  m_Enabled: 1
  m_EditorHideFlags: 0
  m_Script: {fileID: 11500000, guid: 2da2f64f3c9925b4485a4eab13f4d4c0, type: 3}
  m_Name: 
  m_EditorClassIdentifier: 
  _logoCanvasPrefab: {fileID: 0}
--- !u!114 &114288652393645702
MonoBehaviour:
  m_ObjectHideFlags: 1
  m_PrefabParentObject: {fileID: 0}
  m_PrefabInternal: {fileID: 100100000}
  m_GameObject: {fileID: 1367523860360114}
  m_Enabled: 1
  m_EditorHideFlags: 0
  m_Script: {fileID: 11500000, guid: 735487ccc7d904041a76ef7e8f347976, type: 3}
  m_Name: 
  m_EditorClassIdentifier: 
  _leftCam: {fileID: 20507578581923982}
  _rightCam: {fileID: 20516130658675930}
  _enableWebcam: 1
  _debugAddPoseLatency: 0
  _debugAsyncRenderingLatency: 0
  _enable2DWarp: 0
  _enable3DWarp: 1
  _trackingPrediction: 0.045
  _enableLateWarp: 0
  _enableAsyncDynamicLateWarp: 1
  _enableAsynchronousRendering: 1
  _lateWarpThreshold: 4
  _debugEnable3DWarpWireframe: 0
  _enableDepthOcclusion: 1
  _temporalMomentum: 0.6
  _featherSize: 3
  _featherFalloffExponent: 8
  _featherCutoff: 0.8
  _nearClippingPlane: 0.015
  _farClippingPlane: 10
  _contentCamera: {fileID: 20967425011571058}
--- !u!114 &114498233505014252
MonoBehaviour:
  m_ObjectHideFlags: 1
  m_PrefabParentObject: {fileID: 0}
  m_PrefabInternal: {fileID: 100100000}
  m_GameObject: {fileID: 1920769969200950}
  m_Enabled: 1
  m_EditorHideFlags: 0
  m_Script: {fileID: 11500000, guid: 4ff34aeba731eef42a09f7adc83c2949, type: 3}
  m_Name: 
  m_EditorClassIdentifier: 
  LeftCamera: {fileID: 4436497610438182}
  RightCamera: {fileID: 4342646079921342}
--- !u!114 &114508936191697678
MonoBehaviour:
  m_ObjectHideFlags: 1
  m_PrefabParentObject: {fileID: 0}
  m_PrefabInternal: {fileID: 100100000}
  m_GameObject: {fileID: 1703411099052802}
  m_Enabled: 1
  m_EditorHideFlags: 0
  m_Script: {fileID: -768656878, guid: f5f67c52d1564df4a8936ccd202a3bd8, type: 3}
  m_Name: 
  m_EditorClassIdentifier: 
  m_EventMask:
    serializedVersion: 2
    m_Bits: 4294967295
  m_MaxRayIntersections: 0
--- !u!114 &114514663407577182
MonoBehaviour:
  m_ObjectHideFlags: 1
  m_PrefabParentObject: {fileID: 0}
  m_PrefabInternal: {fileID: 100100000}
  m_GameObject: {fileID: 1068300241147104}
  m_Enabled: 1
  m_EditorHideFlags: 0
  m_Script: {fileID: 11500000, guid: c3ad2ff69b0762847845f61f09ba2368, type: 3}
  m_Name: 
  m_EditorClassIdentifier: 
  _environmentScanControllerPrefab: {fileID: 114269033871595488, guid: 292a00e9a9071ac4882f75ea884226c0,
    type: 2}
  _metaReconstructionPrefab: {fileID: 4861676528045668, guid: df60651e394d1ad4c9f187924c875960,
    type: 2}
  _slamRelocalizationActive: 1
  _surfaceReconstructionActive: 0
  _environmentProfileType: 0
--- !u!114 &114581729692194600
MonoBehaviour:
  m_ObjectHideFlags: 1
  m_PrefabParentObject: {fileID: 0}
  m_PrefabInternal: {fileID: 100100000}
  m_GameObject: {fileID: 1367523860360114}
  m_Enabled: 1
  m_EditorHideFlags: 0
  m_Script: {fileID: 11500000, guid: ffdfe431e3f103c48b4898151bd5bb93, type: 3}
  m_Name: 
  m_EditorClassIdentifier: 
  playbackDir: 
  _contextBridge: {fileID: 114610854965633262}
--- !u!114 &114610854965633262
MonoBehaviour:
  m_ObjectHideFlags: 1
  m_PrefabParentObject: {fileID: 0}
  m_PrefabInternal: {fileID: 100100000}
  m_GameObject: {fileID: 1367523860360114}
  m_Enabled: 1
  m_EditorHideFlags: 0
  m_Script: {fileID: 11500000, guid: fef6075ff4ce01741b86ee1dd27791bf, type: 3}
  m_Name: 
  m_EditorClassIdentifier: 
--- !u!114 &114825041513140886
MonoBehaviour:
  m_ObjectHideFlags: 1
  m_PrefabParentObject: {fileID: 0}
  m_PrefabInternal: {fileID: 100100000}
  m_GameObject: {fileID: 1367523860360114}
  m_Enabled: 1
  m_EditorHideFlags: 0
  m_Script: {fileID: 11500000, guid: 4c98f53a39b535648b630edca1c65c62, type: 3}
  m_Name: 
  m_EditorClassIdentifier: 
  onSlamSensorsReady:
    m_PersistentCalls:
      m_Calls: []
    m_TypeName: Meta.SlamLocalizer+SLAMSensorsReadyEvent, Assembly-CSharp, Version=0.0.0.0,
      Culture=neutral, PublicKeyToken=null
  onSlamMappingInProgress:
    m_PersistentCalls:
      m_Calls: []
    m_TypeName: Meta.SlamLocalizer+SLAMMappingInProgressEvent, Assembly-CSharp, Version=0.0.0.0,
      Culture=neutral, PublicKeyToken=null
  onSlamMappingComplete:
    m_PersistentCalls:
      m_Calls: []
    m_TypeName: Meta.SlamLocalizer+SLAMMappingCompleteEvent, Assembly-CSharp, Version=0.0.0.0,
      Culture=neutral, PublicKeyToken=null
  onSlamMapLoadingFailedEvent:
    m_PersistentCalls:
      m_Calls: []
    m_TypeName: Meta.SlamLocalizer+SLAMMapLoadingFailedEvent, Assembly-CSharp, Version=0.0.0.0,
      Culture=neutral, PublicKeyToken=null
  onSlamTrackingLost:
    m_PersistentCalls:
      m_Calls: []
    m_TypeName: Meta.SlamLocalizer+SLAMTrackingLostEvent, Assembly-CSharp, Version=0.0.0.0,
      Culture=neutral, PublicKeyToken=null
  onSlamTrackingRelocalized:
    m_PersistentCalls:
      m_Calls: []
    m_TypeName: Meta.SlamLocalizer+SLAMTrackingRelocalizedEvent, Assembly-CSharp,
      Version=0.0.0.0, Culture=neutral, PublicKeyToken=null
  onSlamInitializationFailed:
    m_PersistentCalls:
      m_Calls: []
    m_TypeName: Meta.SlamLocalizer+SLAMInitializationFailedEvent, Assembly-CSharp,
      Version=0.0.0.0, Culture=neutral, PublicKeyToken=null
  onSlamLocalizerResetEvent:
    m_PersistentCalls:
      m_Calls: []
    m_TypeName: Meta.SlamLocalizer+SLAMLocalizerResetEvent, Assembly-CSharp, Version=0.0.0.0,
      Culture=neutral, PublicKeyToken=null
  _loadingMapWaitTime: 10
  _showCalibrationUI: 1
  _rotationOnlyTracking: 0
--- !u!114 &114888540322973134
MonoBehaviour:
  m_ObjectHideFlags: 1
  m_PrefabParentObject: {fileID: 0}
  m_PrefabInternal: {fileID: 100100000}
  m_GameObject: {fileID: 1703411099052802}
  m_Enabled: 1
  m_EditorHideFlags: 0
  m_Script: {fileID: 11500000, guid: 1e8b305181dee6843b03e904cdaefc7e, type: 3}
  m_Name: 
  m_EditorClassIdentifier: 
